<?xml version="1.0" encoding="UTF-8"?><collection xmlns="http://www.loc.gov/MARC21/slim"><record><leader>00458nam--2200169-i-4500</leader><controlfield tag="001">000017331</controlfield><controlfield tag="002">20161230</controlfield><controlfield tag="005">20170305201015</controlfield><controlfield tag="008">060222s1000------------r-----000-0-eng-d</controlfield><datafield ind1=" " ind2=" " tag="100"><subfield code="a">Burstall, Francis E</subfield></datafield><datafield ind1=" " ind2=" " tag="245"><subfield code="a">Twistor theory for riemannian symmetric spaces</subfield></datafield><datafield ind1=" " ind2=" " tag="260"><subfield code="a">Berlin</subfield><subfield code="b">Springer-verlag</subfield><subfield code="c">1990</subfield></datafield><datafield ind1=" " ind2=" " tag="300"><subfield code="a">112 p</subfield></datafield><datafield ind1=" " ind2=" " tag="490"><subfield code="a">Lecture Notes In Mathematics</subfield></datafield><datafield ind1=" " ind2=" " tag="700"><subfield code="a">Rawnsley, John H</subfield></datafield><datafield ind1=" " ind2=" " tag="852"><subfield code="a">514.764.2</subfield></datafield><datafield ind1=" " ind2=" " tag="CAT"><subfield code="a">SYS</subfield><subfield code="c">20170305</subfield><subfield code="h">201015</subfield></datafield></record></collection>